<record><leader>00000cas a2200000 a 4500</leader><controlfield tag="001">14238795</controlfield><controlfield tag="008">860919c19379999txudn ne      0   a0eng d</controlfield><datafield ind1=" " ind2=" " tag="010"><subfield code="a">sn 86011806 </subfield></datafield><datafield ind1=" " ind2=" " tag="040"><subfield code="a">PPM</subfield><subfield code="b">eng</subfield><subfield code="c">PPM</subfield><subfield code="d">NSD</subfield><subfield code="d">PPM</subfield><subfield code="d">OCL</subfield><subfield code="d">PPM</subfield><subfield code="d">NSD</subfield><subfield code="d">CUS</subfield><subfield code="d">OCLCQ</subfield><subfield code="d">OCLCF</subfield><subfield code="d">OCLCO</subfield></datafield><datafield ind1=" " ind2=" " tag="012"><subfield code="b">3</subfield><subfield code="j">0</subfield><subfield code="l">1</subfield><subfield code="m">1</subfield></datafield><datafield ind1=" " ind2=" " tag="019"><subfield code="a">8564969</subfield></datafield><datafield ind1="1" ind2=" " tag="022"><subfield code="a">0890-5932</subfield><subfield code="l">0890-5932</subfield><subfield code="2">1</subfield></datafield><datafield ind1="1" ind2=" " tag="029"><subfield code="a">AU@</subfield><subfield code="b">000041015506</subfield></datafield><datafield ind1=" " ind2=" " tag="032"><subfield code="a">461900</subfield><subfield code="b">USPS</subfield></datafield><datafield ind1=" " ind2=" " tag="037"><subfield code="b">The Midland Reporter-Telegram, P.O. Box 1650, Midland, TX 79702</subfield></datafield><datafield ind1=" " ind2=" " tag="042"><subfield code="a">nsdp</subfield></datafield><datafield ind1=" " ind2=" " tag="043"><subfield code="a">n-us-tx</subfield></datafield><datafield ind1="1" ind2="4" tag="050"><subfield code="a">Newspaper</subfield></datafield><datafield ind1=" " ind2="4" tag="222"><subfield code="a">The Midland reporter-telegram</subfield></datafield><datafield ind1="0" ind2="4" tag="245"><subfield code="a">The Midland reporter-telegram.</subfield></datafield><datafield ind1="1" ind2="3" tag="246"><subfield code="a">Reporter-telegram</subfield></datafield><datafield ind1=" " ind2=" " tag="260"><subfield code="a">Midland, Tex. :</subfield><subfield code="b">T. Paul Barron</subfield></datafield><datafield ind1=" " ind2=" " tag="300"><subfield code="a">v. :</subfield><subfield code="b">ill. ;</subfield><subfield code="c">57 cm.</subfield></datafield><datafield ind1=" " ind2=" " tag="310"><subfield code="a">Daily,</subfield><subfield code="b">&lt;Aug. 6, 1986-&gt;</subfield></datafield><datafield ind1=" " ind2=" " tag="321"><subfield code="a">Daily (except Sat.)</subfield></datafield><datafield ind1="0" ind2=" " tag="362"><subfield code="a">Vol. 9, no. 36 (Apr. 20, 1937)-</subfield></datafield><datafield ind1=" " ind2=" " tag="500"><subfield code="a">Later published by James N. Allison, &lt;1942&gt;.</subfield></datafield><datafield ind1=" " ind2=" " tag="500"><subfield code="a">Publisher varies: Midland Newspapers, Inc., &lt;Aug. 6, 1986-&gt;</subfield></datafield><datafield ind1=" " ind2=" " tag="588"><subfield code="a">Latest issue consulted: Vol. 61, no. 144 (Wednesday, Aug. 6, 1986) (surrogate).</subfield></datafield><datafield ind1=" " ind2="0" tag="651"><subfield code="a">Midland (Tex.)</subfield><subfield code="v">Newspapers.</subfield></datafield><datafield ind1=" " ind2="7" tag="655"><subfield code="a">Newspapers.</subfield><subfield code="2">fast</subfield><subfield code="0">(OCoLC)fst01423814</subfield></datafield><datafield ind1=" " ind2="7" tag="651"><subfield code="a">Texas</subfield><subfield code="z">Midland.</subfield><subfield code="2">fast</subfield><subfield code="0">(OCoLC)fst01208230</subfield></datafield><datafield ind1=" " ind2=" " tag="752"><subfield code="a">United States</subfield><subfield code="b">Texas</subfield><subfield code="c">Midland</subfield><subfield code="d">Midland.</subfield></datafield><datafield ind1="0" ind2="0" tag="780"><subfield code="t">Reporter-telegram (Midland, Tex.: 1929)</subfield><subfield code="w">(OCoLC)14238849</subfield></datafield></record>